@book{gajdos,
	author = {Sándor Gajdos},
	publisher = {Műegyetemi Kiadó},
	title = {Adatbázisok},
	year = {2006},
	pages = {4},
	hyphenation = {magyar}
}

@book{quittner,
	author={Quittner Pál and Baksa-Haskó Gabriella},
	publisher={Debreceni Egyetem Agrár- és Műszaki Tudományok Centruma Agrárgazdasági és Vidékfejlesztési Kar},
	title={{A}datbázisok, {a}datbázis-{k}ezelő {r}endszerek},
	year={2007},
	hyphenation={magyar}
}

@book{kristina_mongodb,
	author={Kristina Chodorow and Michael Dirolf},
	publisher={O'Reilly Media},
	title={MongoDB\: The Definitive Guide},
	year={2010},
	hyphenation={magyar}
}

@book{scaling_mongodb,
	author={Kristina Chodorow},
	publisher={O\'Reilly Media},
	title={Scaling MongoDB},
	year={2011},
	hyphenation={magyar}
}

@book{couchdbdefguiderev,
	author={J. Chris Anderson and Jan Lehnardt and Noah Slater},
	publisher={O'Reilly Media},
	title={CouchDB: The Definitive Guide},
	pages = {39},
	year={2010},
	hyphenation={magyar}
}
@book{couchdbdefguidetrans,
	author={J. Chris Anderson and Jan Lehnardt and Noah Slater},
	publisher={O'Reilly Media},
	title={CouchDB: The Definitive Guide},
	pages = {205--207},
	year={2010},
	hyphenation={magyar}
}
@book{couchdbdefguide,
	author={J. Chris Anderson and Jan Lehnardt and Noah Slater},
	publisher={O'Reilly Media},
	title={CouchDB: The Definitive Guide},
	year={2010},
	hyphenation={magyar}
}

@article{nosqldatabases,
	author={Christof Strauch},
	title={NoSQL Databases},
	year={2011},
	hyphenation={magyar}
}

@Electronic{jsonspec,
	title = {ECMAScript Language Specification},
	url = {http://www.ecma-international.org/publications/files/ecma-st/ECMA-262.pdf},
	year = {2009},
	month = {12},
	note = {Letöltve: 2011. április 01.\\}
}

@Electronic{couchdbwiki,
	title = {Introduction to CouchDB Views},
	url = {http://wiki.apache.org/couchdb/Introduction_to_CouchDB_views},
	year = {2011},
	month = {01},
	note = {Letöltve: 2011. április 18.\\}
}
@Electronic{couchdbcern,
	title = {{CERN} - CouchDB and Physics},
	url = {http://www.couchbase.com/sites/default/files/pdf/case-studies/Cern CB - 2010 Aug.pdf},
	year = {2010},
	month = {08},
	note = {Letöltve: 2011. április 22.\\}
}
@Electronic{foursquarecom,
	title = {foursquare.com},
	url = {http://www.foursquare.com},
	year = {2011},
	month = {04},
	note = {Letöltve: 2011. április 20.\\}
}
@Electronic{harryheymannprez,
	title = {Foursquare \& MongoDB},
	url = {http://docs.google.com/present/view?id=dhkkqm6q_13gm6jq5fv},
	year = {2010},
	month = {05},
	note = {Letöltve: 2011. április 15.\\}
}
@Electronic{harryheymannvid,
	title = {Foursquare \& MongoDB},
	url = {http://blip.tv/file/3704098},
	year = {2010},
	month = {05},
	note = {Letöltve: 2011. március 22.\\}
}
@Electronic{harryheymannqa,
	title = {Q and A from Scaling foursquare with MongoDB},
	url = {http://www.10gen.com/video/misc/foursquareqa},
	year = {2010},
	month = {12},
	note = {Letöltve: 2011. március 25.\\}
}
@Electronic{foursquarecom_numbers,
	title = {foursquare.com},
	url = {https://foursquare.com/about},
	year = {2011},
	month = {04},
	note = {Letöltve: 2011. április 23.\\}
}

@Electronic{twitter_forbes,
	title= {{T}witter {H}its {N}early {200M} {A}ccounts, 110M Tweets Per Day, Focuses On Global Expansion},
	url = {http://blogs.forbes.com/oliverchiang/2011/01/19/twitter-hits-nearly-200m-users-110m-tweets-per-day-focuses-on-global-expansion/},
	year = {2011},
	month = {01},
	note = {Letöltve: 2011. március 10.\\}
}
@Electronic{fb_stat,
	title = {Facebook statiszika},
	url = {http://www.facebook.com/press/info.php?statistics},
	year = {2011},
	month = {04},
	note = {Letöltve: 2011. április 24.\\}
}

@Electronic{apachewebserver,
	title = {Apache HTTP Server},
	url = {https://httpd.apache.org/},
	note = {Letöltve: 2011. április 22.\\}
}
@Electronic{rdbms_stat,
	title ={Who Leads the RDBMS Pack?},
	url = {http://databases.about.com/library/weekly/aa060401a.htm},
	note = {Letöltve: 2011. március 28.\\},
}
@Electronic{mongodb_vs_couchdb,
	title = {Comparing MongoDB and CouchDB},
	url = {http://www.mongodb.org/display/DOCS/Comparing+Mongo+DB+and+Couch+DB},
	year = {2011},
	month = {01},
	note = {Letöltve: 2011. április 10.\\}
}
@book{scaling_mongodb_repl_m_s,
	author={Kristina Chodorow},
	publisher={O'Reilly Media},
	title={Scaling MongoDB},
	year={2011},
	pages={127},
	hyphenation={english}
}
@book{scaling_mongodb_repl_m_sss,
	author={Kristina Chodorow},
	publisher={O'Reilly Media},
	title={Scaling MongoDB},
	year={2011},
	pages={128},
	hyphenation={english}
}
@book{scaling_mongodb_repl_set,
	author={Kristina Chodorow},
	publisher={O'Reilly Media},
	title={Scaling MongoDB},
	year={2011},
	pages={135},
	hyphenation={english}
}
@book{scaling_mongodb_repl_set_failover,
	author={Kristina Chodorow},
	publisher={O'Reilly Media},
	title={Scaling MongoDB},
	year={2011},
	pages={136},
	hyphenation={english}
}
@Electronic{couchdb_repl,
	title = {CouchDB Replication},
	url = {http://wiki.apache.org/couchdb/Replication},
	year = {2010},
	month = {10},
	note = {Letöltve: 2011. április 14.\\}
}
